@online{Adams18,
  author =       "Hayden Adams",
  year =         "2018",
  month =        nov,
  title =        "Uniswap v1 Core",
  url =          "https://hackmd.io/@HaydenAdams/HJ9jLsfTz",
  lastaccessed = "Jun 12, 2023",
}

@online{Adams20,
  author =       "Hayden Adams and Noah Zinsmeister and Dan Robinson",
  year =         "2020",
  month =        mar,
  title =        "Uniswap v2 Core",
  url =          "https://uniswap.org/whitepaper.pdf",
  lastaccessed = "Jun 12, 2023",
}

@online{Adams21,
  author =       "Hayden Adams and Noah Zinsmeister and Moody Salem and River Keefer and Dan Robinson",
  year =         "2021",
  month =        mar,
  title =        "Uniswap v3 Core",
  url =          "https://uniswap.org/whitepaper-v3.pdf",
  lastaccessed = "Jun 12, 2023",
}

@online{White2021,
  author =       "Dave White and Dan Robinson and Hayden Adams",
  year =         "2021",
  month =        jul,
  title =        "TWAMM",
  url =          "https://www.paradigm.xyz/2021/07/twamm",
  lastaccessed = "Jun 12, 2023",
}

@online{Akhunov2018,
  author =       "Alexey Akhunov and Moody Salem",
  year =         "2018",
  month =        jun,
  title =        "EIP-1153: Transient storage opcodes",
  url =          "https://eips.ethereum.org/EIPS/eip-1153",
  lastaccessed = "Jun 12, 2023",
}

@online{Buterin2021,
  author =       "Vitalik Buterin and Martin Swende",
  year =         "2021",
  month =        apr,
  title =        "EIP-3529: Reduction in refunds",
  url =          "https://eips.ethereum.org/EIPS/eip-3529",
  lastaccessed = "Jun 12, 2023",
}

@article{adams2024amm,
  title={am-AMM: An Auction-Managed Automated Market Maker},
  author={Adams, Austin and Moallemi, Ciamac and Reynolds, Sara and Robinson, Dan},
  journal={arXiv preprint arXiv:2403.03367},
  year={2024}
}

@online{riley2023,
  author =       "JT Riley and Dillon and Sara and Vectorized and Neodaoist",
  year =         "2023",
  month =        apr,
  title =        "ERC-6909: Minimal Multi-Token Interface",
  url =          "https://eips.ethereum.org/EIPS/eip-6909",
  lastaccessed = "Aug 26, 2024",
}
